@article{genetic_evolution_nn,
author = {Floreano, Dario and Mondada, Francesco},
year = {1999},
month = {02},
pages = {},
title = {Automatic Creation of an Autonomous Agent: Genetic Evolution of a Neural-Network Driven Robot}
}

@inproceedings{neuroev_torcs,
author = {Cardamone, Luigi and Loiacono, Daniele and Lanzi, Pier Luca},
year = {2009},
month = {01},
pages = {1179-1186},
title = {Evolving competitive car controllers for racing games with neuroevolution},
doi = {10.1145/1569901.1570060}
}

@article{Shichel2011GPRARSEC,
  title={GP-RARS: evolving controllers for the Robot Auto Racing Simulator},
  author={Yehonatan Shichel and M. Sipper},
  journal={Memetic Computing},
  year={2011},
  volume={3},
  pages={89-99}
}

@inproceedings{fuzzy_ev,
author = {Perez Liebana, Diego and Recio, Gustavo and Sáez, Yago and Isasi, Pedro},
year = {2009},
month = {10},
pages = {263 - 270},
title = {Evolving a fuzzy controller for a Car Racing Competition},
journal = {CIG2009 - 2009 IEEE Symposium on Computational Intelligence and Games},
doi = {10.1109/CIG.2009.5286467}
}

@article{Liniger_2014,
   title={Optimization-based autonomous racing of 1:43 scale RC cars},
   volume={36},
   ISSN={0143-2087},
   url={http://dx.doi.org/10.1002/oca.2123},
   DOI={10.1002/oca.2123},
   number={5},
   journal={Optimal Control Applications and Methods},
   publisher={Wiley},
   author={Liniger, Alexander and Domahidi, Alexander and Morari, Manfred},
   year={2014},
   month={Jul},
   pages={628–647}
}

@article{gt_competition,
author = {Spica, Riccardo and Falanga, Davide and Cristofalo, Eric and Montijano, Eduardo and Scaramuzza, Davide and Schwager, Mac},
year = {2018},
month = {01},
pages = {},
title = {A Game Theoretic Approach to Autonomous Two-Player Drone Racing}
}

@article{ga_torcs,
author = {Anthony, Patricia and On, Chin and Teo, Jason and Tan, Tse Guan and Alfred, Rayner},
year = {2013},
month = {06},
pages = {57-68},
title = {Evolving Controllers for Simulated Car Racing Using Differential Evolution},
volume = {2},
journal = {Asia-Pacific Journal of Information Technology and Multimedia},
doi = {10.17576/apjitm-2013-0201-06}
}
